<record><leader>00000cas a2200000 a 4500</leader><controlfield tag="001">36467917</controlfield><controlfield tag="008">970228d197419uumiucr ne      0    0eng c</controlfield><datafield ind1=" " ind2=" " tag="010"><subfield code="a">sn 97066516 </subfield></datafield><datafield ind1=" " ind2=" " tag="040"><subfield code="a">NVK</subfield><subfield code="b">eng</subfield><subfield code="c">NVK</subfield><subfield code="d">MHN</subfield><subfield code="d">OCL</subfield><subfield code="d">OCLCQ</subfield><subfield code="d">OCLCO</subfield></datafield><datafield ind1="1" ind2=" " tag="029"><subfield code="a">AU@</subfield><subfield code="b">000013137053</subfield></datafield><datafield ind1=" " ind2=" " tag="042"><subfield code="a">pcc</subfield></datafield><datafield ind1=" " ind2=" " tag="043"><subfield code="a">n-us-mi</subfield></datafield><datafield ind1="0" ind2="0" tag="245"><subfield code="a">Birmingham-Bloomfield observer &amp; eccentric.</subfield></datafield><datafield ind1="3" ind2=" " tag="246"><subfield code="a">Birmingham Bloomfield observer and eccentric</subfield></datafield><datafield ind1="1" ind2="3" tag="246"><subfield code="a">Observer &amp; eccentric</subfield></datafield><datafield ind1="3" ind2=" " tag="246"><subfield code="a">Observer and eccentric</subfield></datafield><datafield ind1=" " ind2=" " tag="260"><subfield code="a">Birmingham, Mich. :</subfield><subfield code="b">Observer &amp; Eccentric Newspapers</subfield></datafield><datafield ind1=" " ind2=" " tag="300"><subfield code="a">v.</subfield></datafield><datafield ind1=" " ind2=" " tag="310"><subfield code="a">Semiweekly</subfield></datafield><datafield ind1="1" ind2=" " tag="362"><subfield code="a">Began in 1974.</subfield><subfield code="z">Cf. Ayer.</subfield></datafield><datafield ind1=" " ind2=" " tag="500"><subfield code="a">100th anniversary edition, May 1, 1978.</subfield></datafield><datafield ind1=" " ind2=" " tag="580"><subfield code="a">Published in several regional editions.</subfield></datafield><datafield ind1=" " ind2=" " tag="588"><subfield code="a">Description based on: Vol. 96, no. 68 (May 23, 1974).</subfield></datafield><datafield ind1=" " ind2="0" tag="651"><subfield code="a">Birmingham (Mich.)</subfield><subfield code="v">Newspapers.</subfield></datafield><datafield ind1=" " ind2="0" tag="651"><subfield code="a">Bloomfield (Mich.)</subfield><subfield code="v">Newspapers.</subfield></datafield><datafield ind1=" " ind2="0" tag="651"><subfield code="a">Oakland County (Mich.)</subfield><subfield code="v">Newspapers.</subfield></datafield><datafield ind1=" " ind2=" " tag="752"><subfield code="a">United States</subfield><subfield code="b">Michigan</subfield><subfield code="c">Oakland</subfield><subfield code="d">Birmingham.</subfield></datafield><datafield ind1="0" ind2="0" tag="780"><subfield code="t">Birmingham eccentric</subfield><subfield code="w">(DLC)sn 83016629</subfield><subfield code="w">(OCoLC)9948897</subfield></datafield><datafield ind1="0" ind2="0" tag="785"><subfield code="a">Eccentric (Birmingham, Mich. : 1980)</subfield><subfield code="w">(DLC)sn 97066525</subfield><subfield code="w">(OCoLC)36467956</subfield></datafield></record>